@ARTICLE{Neumann2001,
   author = {{Neumann}, D.~M. and {Arnaud}, M. and {Gastaud}, R. and {Aghanim}, N. and 
	{Lumb}, D. and {Briel}, U.~G. and {Vestrand}, W.~T. and {Stewart}, G.~C. and 
	{Molendi}, S. and {Mittaz}, J.~P.~D.},
    title = "{The NGC 4839 group falling into the Coma cluster observed by XMM-Newton}",
  journal = {\aap},
   eprint = {astro-ph/0010435},
 keywords = {GALAXIES: CLUSTERS: GENERAL, INTERGALACTIC MEDIUM, GENERAL, COSMOLOGY: OBSERVATIONS, LARGE-SCALE STRUCTURE OF THE UNIVERSE, X-RAYS: GENERAL},
     year = 2001,
    month = jan,
   volume = 365,
    pages = {L74-L79},
      doi = {10.1051/0004-6361:20000182},
   adsurl = {http://adsabs.harvard.edu/abs/2001A%26A...365L..74N},
  adsnote = {Provided by the SAO/NASA Astrophysics Data System}
}

@ARTICLE{Connor2014,
   author = {{Connor}, T. and {Donahue}, M. and {Sun}, M. and {Hoekstra}, H. and 
	{Mahdavi}, A. and {Conselice}, C.~J. and {McNamara}, B.},
    title = "{Scaling Relations and X-Ray Properties of Moderate-luminosity Galaxy Clusters from 0.3 $\lt$ z $\lt$ 0.6 with XMM-Newton}",
  journal = {\apj},
archivePrefix = "arXiv",
   eprint = {1409.1590},
 keywords = {galaxies: clusters: general, X-rays: galaxies: clusters},
     year = 2014,
    month = oct,
   volume = 794,
      eid = {48},
    pages = {48},
      doi = {10.1088/0004-637X/794/1/48},
   adsurl = {http://adsabs.harvard.edu/abs/2014ApJ...794...48C},
  adsnote = {Provided by the SAO/NASA Astrophysics Data System}
}

@ARTICLE{Jauzac2012,
   author = {{Jauzac}, M. and {Jullo}, E. and {Kneib}, J.-P. and {Ebeling}, H. and 
	{Leauthaud}, A. and {Ma}, C.-J. and {Limousin}, M. and {Massey}, R. and 
	{Richard}, J.},
    title = "{A weak lensing mass reconstruction of the large-scale filament feeding the massive galaxy cluster MACS J0717.5+3745}",
  journal = {\mnras},
archivePrefix = "arXiv",
   eprint = {1208.4323},
 keywords = {gravitational lensing: weak, galaxies: clusters: individual: MACS J0717.5+3745, cosmology: observations, large-scale structure of Universe},
     year = 2012,
    month = nov,
   volume = 426,
    pages = {3369-3384},
      doi = {10.1111/j.1365-2966.2012.21966.x},
   adsurl = {http://adsabs.harvard.edu/abs/2012MNRAS.426.3369J},
  adsnote = {Provided by the SAO/NASA Astrophysics Data System}
}

@ARTICLE{Bohringer2010,
   author = {{B{\"o}hringer}, H. and {Werner}, N.},
    title = "{X-ray spectroscopy of galaxy clusters: studying astrophysical processes in the largest celestial laboratories}",
  journal = {\aapr},
 keywords = {X-ray astronomy, Galaxies: clusters of galaxies, Spectroscopy: X-rays},
     year = 2010,
    month = feb,
   volume = 18,
    pages = {127-196},
      doi = {10.1007/s00159-009-0023-3},
   adsurl = {http://adsabs.harvard.edu/abs/2010A%26ARv..18..127B},
  adsnote = {Provided by the SAO/NASA Astrophysics Data System}
}

@ARTICLE{Kirkman2003,
   author = {{Kirkman}, D. and {Tytler}, D. and {Suzuki}, N. and {O'Meara}, J.~M. and 
	{Lubin}, D.},
    title = "{The Cosmological Baryon Density from the Deuterium-to-Hydrogen Ratio in QSO Absorption Systems: D/H toward Q1243+3047}",
  journal = {\apjs},
   eprint = {astro-ph/0302006},
 keywords = {Cosmology: Observations, Nuclear Reactions, Nucleosynthesis, Abundances, Galaxies: Quasars: Absorption Lines, Galaxies: Quasars: Individual: Alphanumeric: Q1243+3047},
     year = 2003,
    month = nov,
   volume = 149,
    pages = {1-28},
      doi = {10.1086/378152},
   adsurl = {http://adsabs.harvard.edu/abs/2003ApJS..149....1K},
  adsnote = {Provided by the SAO/NASA Astrophysics Data System}
}

@ARTICLE{Mantz2014,
   author = {{Mantz}, A.~B. and {Allen}, S.~W. and {Morris}, R.~G. and {Rapetti}, D.~A. and 
	{Applegate}, D.~E. and {Kelly}, P.~L. and {von der Linden}, A. and 
	{Schmidt}, R.~W.},
    title = "{Cosmology and astrophysics from relaxed galaxy clusters - II. Cosmological constraints}",
  journal = {\mnras},
archivePrefix = "arXiv",
   eprint = {1402.6212},
 keywords = {galaxies: clusters: general, cosmological parameters, cosmology: observations, dark matter, distance scale, X-rays: galaxies: clusters},
     year = 2014,
    month = may,
   volume = 440,
    pages = {2077-2098},
      doi = {10.1093/mnras/stu368},
   adsurl = {http://adsabs.harvard.edu/abs/2014MNRAS.440.2077M},
  adsnote = {Provided by the SAO/NASA Astrophysics Data System}
}

@ARTICLE{Einasto1994,
   author = {{Einasto}, M. and {Einasto}, J. and {Tago}, E. and {Dalton}, G.~B. and 
	{Andernach}, H.},
    title = "{The Structure of the Universe Traced by Rich Clusters of Galaxies}",
  journal = {\mnras},
     year = 1994,
    month = jul,
   volume = 269,
    pages = {301},
      doi = {10.1093/mnras/269.2.301},
   adsurl = {http://adsabs.harvard.edu/abs/1994MNRAS.269..301E},
  adsnote = {Provided by the SAO/NASA Astrophysics Data System}
}

@ARTICLE{Springel2006,
   author = {{Springel}, V. and {Frenk}, C.~S. and {White}, S.~D.~M.},
    title = "{The large-scale structure of the Universe}",
  journal = {\nat},
   eprint = {astro-ph/0604561},
     year = 2006,
    month = apr,
   volume = 440,
    pages = {1137-1144},
      doi = {10.1038/nature04805},
   adsurl = {http://adsabs.harvard.edu/abs/2006Natur.440.1137S},
  adsnote = {Provided by the SAO/NASA Astrophysics Data System}
}

@ARTICLE{Dave2001,
   author = {{Dav{\'e}}, R. and {Cen}, R. and {Ostriker}, J.~P. and {Bryan}, G.~L. and 
	{Hernquist}, L. and {Katz}, N. and {Weinberg}, D.~H. and {Norman}, M.~L. and 
	{O'Shea}, B.},
    title = "{Baryons in the Warm-Hot Intergalactic Medium}",
  journal = {\apj},
   eprint = {astro-ph/0007217},
 keywords = {Cosmology: Observations, Galaxies: Intergalactic Medium, Cosmology: Large-Scale Structure of Universe, Methods: Numerical},
     year = 2001,
    month = may,
   volume = 552,
    pages = {473-483},
      doi = {10.1086/320548},
   adsurl = {http://adsabs.harvard.edu/abs/2001ApJ...552..473D},
  adsnote = {Provided by the SAO/NASA Astrophysics Data System}
}

@ARTICLE{Werner2008,
   author = {{Werner}, N. and {Finoguenov}, A. and {Kaastra}, J.~S. and {Simionescu}, A. and 
	{Dietrich}, J.~P. and {Vink}, J. and {B{\"o}hringer}, H.},
    title = "{Detection of hot gas in the filament connecting the clusters of galaxies Abell 222 and Abell 223}",
  journal = {\aap},
archivePrefix = "arXiv",
   eprint = {0803.2525},
 keywords = {cosmology: large-scale structure of Universe, X-rays: galaxies: clusters, galaxies: clusters: individual: Abell 222, galaxies: clusters: individual: Abell 223},
     year = 2008,
    month = may,
   volume = 482,
    pages = {L29-L33},
      doi = {10.1051/0004-6361:200809599},
   adsurl = {http://adsabs.harvard.edu/abs/2008A%26A...482L..29W},
  adsnote = {Provided by the SAO/NASA Astrophysics Data System}
}

@ARTICLE{Dietrich2005,
   author = {{Dietrich}, J.~P. and {Schneider}, P. and {Clowe}, D. and {Romano-D{\'{\i}}az}, E. and 
	{Kerp}, J.},
    title = "{Weak lensing study of dark matter filaments and application to the binary cluster <ASTROBJ>A 222</ASTROBJ> and <ASTROBJ>A 223</ASTROBJ>}",
  journal = {\aap},
   eprint = {astro-ph/0406541},
 keywords = {gravitational lensing, galaxies: clusters: general, galaxies: clusters: individual: A 222, cosmology: large-scale structure of Universe},
     year = 2005,
    month = sep,
   volume = 440,
    pages = {453-471},
      doi = {10.1051/0004-6361:20041523},
   adsurl = {http://adsabs.harvard.edu/abs/2005A%26A...440..453D},
  adsnote = {Provided by the SAO/NASA Astrophysics Data System}
}

@ARTICLE{Ebeling2004,
   author = {{Ebeling}, H. and {Barrett}, E. and {Donovan}, D.},
    title = "{Discovery of a Large-Scale Filament Connected to the Massive Galaxy Cluster MACS J0717.5+3745 at z=0.551,}",
  journal = {\apjl},
   eprint = {astro-ph/0406049},
 keywords = {Galaxies: Clusters: Individual: Alphanumeric: MACS J0717+3745, Cosmology: Large-Scale Structure of Universe},
     year = 2004,
    month = jul,
   volume = 609,
    pages = {L49-L52},
      doi = {10.1086/422750},
   adsurl = {http://adsabs.harvard.edu/abs/2004ApJ...609L..49E},
  adsnote = {Provided by the SAO/NASA Astrophysics Data System}
}

@ARTICLE{Elvis1992,
   author = {{Elvis}, M. and {Plummer}, D. and {Schachter}, J. and {Fabbiano}, G.
	},
    title = "{The Einstein Slew Survey}",
  journal = {\apjs},
 keywords = {Astronomical Catalogs, Sky Surveys (Astronomy), X Ray Sources, Astronomical Maps, Bl Lacertae Objects, Heao 2},
     year = 1992,
    month = may,
   volume = 80,
    pages = {257-303},
      doi = {10.1086/191665},
   adsurl = {http://adsabs.harvard.edu/abs/1992ApJS...80..257E},
  adsnote = {Provided by the SAO/NASA Astrophysics Data System}
}

@ARTICLE{Markevitch2002,
   author = {{Markevitch}, M. and {Gonzalez}, A.~H. and {David}, L. and {Vikhlinin}, A. and 
	{Murray}, S. and {Forman}, W. and {Jones}, C. and {Tucker}, W.
	},
    title = "{A Textbook Example of a Bow Shock in the Merging Galaxy Cluster 1E 0657-56}",
  journal = {\apjl},
   eprint = {astro-ph/0110468},
 keywords = {Galaxies: Clusters: Individual: Alphanumeric: 1E 0657-56, Galaxies: Intergalactic Medium, X-Rays: Galaxies},
     year = 2002,
    month = mar,
   volume = 567,
    pages = {L27-L31},
      doi = {10.1086/339619},
   adsurl = {http://adsabs.harvard.edu/abs/2002ApJ...567L..27M},
  adsnote = {Provided by the SAO/NASA Astrophysics Data System}
}

@ARTICLE{Mastropietro2008,
   author = {{Mastropietro}, C. and {Burkert}, A.},
    title = "{Simulating the Bullet Cluster}",
  journal = {\mnras},
archivePrefix = "arXiv",
   eprint = {0711.0967},
 keywords = {methods: N-body simulations , galaxies: clusters: individual: 1E0657-56 , dark matter , X-rays: galaxies: clusters},
     year = 2008,
    month = sep,
   volume = 389,
    pages = {967-988},
      doi = {10.1111/j.1365-2966.2008.13626.x},
   adsurl = {http://adsabs.harvard.edu/abs/2008MNRAS.389..967M},
  adsnote = {Provided by the SAO/NASA Astrophysics Data System}
}

@ARTICLE{Springel2007,
   author = {{Springel}, V. and {Farrar}, G.~R.},
    title = "{The speed of the `bullet' in the merging galaxy cluster 1E0657-56}",
  journal = {\mnras},
   eprint = {astro-ph/0703232},
 keywords = {methods: numerical, galaxies: structure, X-rays: galaxies: clusters},
     year = 2007,
    month = sep,
   volume = 380,
    pages = {911-925},
      doi = {10.1111/j.1365-2966.2007.12159.x},
   adsurl = {http://adsabs.harvard.edu/abs/2007MNRAS.380..911S},
  adsnote = {Provided by the SAO/NASA Astrophysics Data System}
}

@ARTICLE{Zitrin2009,
   author = {{Zitrin}, A. and {Broadhurst}, T. and {Rephaeli}, Y. and {Sadeh}, S.
	},
    title = "{The Largest Gravitational Lens: MACS J0717.5+3745 (z = 0.546)}",
  journal = {\apjl},
archivePrefix = "arXiv",
   eprint = {0907.4232},
 primaryClass = "astro-ph.CO",
 keywords = {dark matter, galaxies: clusters: individual: MACS J0717.5+3745, gravitational lensing},
     year = 2009,
    month = dec,
   volume = 707,
    pages = {L102-L106},
      doi = {10.1088/0004-637X/707/1/L102},
   adsurl = {http://adsabs.harvard.edu/abs/2009ApJ...707L.102Z},
  adsnote = {Provided by the SAO/NASA Astrophysics Data System}
}

@ARTICLE{Medezinski2013,
   author = {{Medezinski}, E. and {Umetsu}, K. and {Nonino}, M. and {Merten}, J. and 
	{Zitrin}, A. and {Broadhurst}, T. and {Donahue}, M. and {Sayers}, J. and 
	{Waizmann}, J.-C. and {Koekemoer}, A. and {Coe}, D. and {Molino}, A. and 
	{Melchior}, P. and {Mroczkowski}, T. and {Czakon}, N. and {Postman}, M. and 
	{Meneghetti}, M. and {Lemze}, D. and {Ford}, H. and {Grillo}, C. and 
	{Kelson}, D. and {Bradley}, L. and {Moustakas}, J. and {Bartelmann}, M. and 
	{Ben{\'{\i}}tez}, N. and {Biviano}, A. and {Bouwens}, R. and 
	{Golwala}, S. and {Graves}, G. and {Infante}, L. and {Jim{\'e}nez-Teja}, Y. and 
	{Jouvel}, S. and {Lahav}, O. and {Moustakas}, L. and {Ogaz}, S. and 
	{Rosati}, P. and {Seitz}, S. and {Zheng}, W.},
    title = "{CLASH: Complete Lensing Analysis of the Largest Cosmic Lens MACS J0717.5+3745 and Surrounding Structures}",
  journal = {\apj},
archivePrefix = "arXiv",
   eprint = {1304.1223},
 keywords = {cosmology: observations, dark matter, galaxies: clusters: individual: MACS J0717.5+3745, gravitational lensing: strong, gravitational lensing: weak},
     year = 2013,
    month = nov,
   volume = 777,
      eid = {43},
    pages = {43},
      doi = {10.1088/0004-637X/777/1/43},
   adsurl = {http://adsabs.harvard.edu/abs/2013ApJ...777...43M},
  adsnote = {Provided by the SAO/NASA Astrophysics Data System}
}

@ARTICLE{Ebeling2001,
   author = {{Ebeling}, H. and {Edge}, A.~C. and {Henry}, J.~P.},
    title = "{MACS: A Quest for the Most Massive Galaxy Clusters in the Universe}",
  journal = {\apj},
   eprint = {astro-ph/0009101},
 keywords = {Cosmology: Observations, Galaxies: Clusters: General, Surveys, X-Rays: General},
     year = 2001,
    month = jun,
   volume = 553,
    pages = {668-676},
      doi = {10.1086/320958},
   adsurl = {http://adsabs.harvard.edu/abs/2001ApJ...553..668E},
  adsnote = {Provided by the SAO/NASA Astrophysics Data System}
}

@ARTICLE{Ebeling2007,
   author = {{Ebeling}, H. and {Barrett}, E. and {Donovan}, D. and {Ma}, C.-J. and 
	{Edge}, A.~C. and {van Speybroeck}, L.},
    title = "{A Complete Sample of 12 Very X-Ray Luminous Galaxy Clusters at z $\gt$ 0.5}",
  journal = {\apjl},
   eprint = {astro-ph/0703394},
 keywords = {Cosmology: Observations, Galaxies: Clusters: General, X-Rays: General},
     year = 2007,
    month = may,
   volume = 661,
    pages = {L33-L36},
      doi = {10.1086/518603},
   adsurl = {http://adsabs.harvard.edu/abs/2007ApJ...661L..33E},
  adsnote = {Provided by the SAO/NASA Astrophysics Data System}
}

@ARTICLE{Ma2009,
   author = {{Ma}, C.-J. and {Ebeling}, H. and {Barrett}, E.},
    title = "{An X-Ray/Optical Study of the Complex Dynamics of the Core of the Massive Intermediate-Redshift Cluster MACSJ0717.5+3745}",
  journal = {\apjl},
archivePrefix = "arXiv",
   eprint = {0901.4783},
 primaryClass = "astro-ph.CO",
 keywords = {galaxies: clusters: individual: MACSJ0717.5+3745, X-rays: galaxies: clusters},
     year = 2009,
    month = mar,
   volume = 693,
    pages = {L56-L60},
      doi = {10.1088/0004-637X/693/2/L56},
   adsurl = {http://adsabs.harvard.edu/abs/2009ApJ...693L..56M},
  adsnote = {Provided by the SAO/NASA Astrophysics Data System}
}

@ARTICLE{Kalberla2005,
   author = {{Kalberla}, P.~M.~W. and {Burton}, W.~B. and {Hartmann}, D. and 
	{Arnal}, E.~M. and {Bajaja}, E. and {Morras}, R. and {P{\"o}ppel}, W.~G.~L.
	},
    title = "{The Leiden/Argentine/Bonn (LAB) Survey of Galactic HI. Final data release of the combined LDS and IAR surveys with improved stray-radiation corrections}",
  journal = {\aap},
   eprint = {astro-ph/0504140},
 keywords = {surveys, radio lines: ISM, Galaxy: structure},
     year = 2005,
    month = sep,
   volume = 440,
    pages = {775-782},
      doi = {10.1051/0004-6361:20041864},
   adsurl = {http://adsabs.harvard.edu/abs/2005A%26A...440..775K},
  adsnote = {Provided by the SAO/NASA Astrophysics Data System}
}

@ARTICLE{Willingale2013,
   author = {{Willingale}, R. and {Starling}, R.~L.~C. and {Beardmore}, A.~P. and 
	{Tanvir}, N.~R. and {O'Brien}, P.~T.},
    title = "{Calibration of X-ray absorption in our Galaxy}",
  journal = {\mnras},
archivePrefix = "arXiv",
   eprint = {1303.0843},
 primaryClass = "astro-ph.HE",
 keywords = {ISM: abundances, dust, extinction, ISM: molecules, X-rays: ISM},
     year = 2013,
    month = may,
   volume = 431,
    pages = {394-404},
      doi = {10.1093/mnras/stt175},
   adsurl = {http://adsabs.harvard.edu/abs/2013MNRAS.431..394W},
  adsnote = {Provided by the SAO/NASA Astrophysics Data System}
}

@ARTICLE{Feldman1992,
   author = {{Feldman}, U.},
    title = "{Elemental abundances in the upper solar atmosphere.}",
  journal = {\physscr},
     year = 1992,
    month = sep,
   volume = 46,
    pages = {202-220},
      doi = {10.1088/0031-8949/46/3/002},
   adsurl = {http://adsabs.harvard.edu/abs/1992PhyS...46..202F},
  adsnote = {Provided by the SAO/NASA Astrophysics Data System}
}



